
@article{lv2015traffic,
  title={Traffic flow prediction with big data: A deep learning approach},
  author={Lv, Yisheng and Duan, Yanjie and Kang, Wenwen and Li, Zhengxi and Wang, Fei-Yue and others},
  journal={IEEE Trans. Intelligent Transportation Systems},
  volume={16},
  number={2},
  pages={865--873},
  year={2015},
  url = {docs/Traffic flow prediction with big data - A deep learning approach.pdf}
}

@article{smith2002comparison,
  title={Comparison of parametric and nonparametric models for traffic flow forecasting},
  author={Smith, Brian L and Williams, Billy M and Oswald, R Keith},
  journal={Transportation Research Part C: Emerging Technologies},
  volume={10},
  number={4},
  pages={303--321},
  year={2002},
  publisher={Elsevier},
  url = {docs/Comparison of parametric and nonparametric models  for traffic flow forecasting.pdf}
}

@article{dia2001object,
  title={An object-oriented neural network approach to short-term traffic forecasting},
  author={Dia, Hussein},
  journal={European Journal of Operational Research},
  volume={131},
  number={2},
  pages={253--261},
  year={2001},
  publisher={Elsevier},
  url = {docs/An object-oriented neural network approach to short-term traffic forecasting.pdf}
}

@article{hansen2005forecast,
  title={A forecast comparison of volatility models: does anything beat a GARCH (1, 1)?},
  author={Hansen, Peter R and Lunde, Asger},
  journal={Journal of applied econometrics},
  volume={20},
  number={7},
  pages={873--889},
  year={2005},
  publisher={Wiley Online Library},
  url = {docs/Hansen_et_al-2005-Journal_of_Applied_Econometrics.pdf}
}

@article{van1996combining,
  title={Combining Kohonen maps with ARIMA time series models to forecast traffic flow},
  author={Van Der Voort, Mascha and Dougherty, Mark and Watson, Susan},
  journal={Transportation Research Part C: Emerging Technologies},
  volume={4},
  number={5},
  pages={307--318},
  year={1996},
  publisher={Pergamon},
  url = {docs/Combining Kohonen maps with ARIMA time series models to forecast traffic flow.pdf}
}

@article{sun2006bayesian,
  title={A Bayesian network approach to traffic flow forecasting},
  author={Sun, Shiliang and Zhang, Changshui and Yu, Guoqiang},
  journal={IEEE Transactions on intelligent transportation systems},
  volume={7},
  number={1},
  pages={124--132},
  year={2006},
  publisher={IEEE},
  url = {docs/A Bayesian network approach to traffic flow forecasting.pdf}
}

@article{nguyen2008survey,
  title={A survey of techniques for internet traffic classification using machine learning},
  author={Nguyen, Thuy TT and Armitage, Grenville},
  journal={IEEE Communications Surveys \& Tutorials},
  volume={10},
  number={4},
  pages={56--76},
  year={2008},
  publisher={IEEE},
  url = {docs/A survey of techniques for internet traffic classification using machine learning.pdf}
}

@article{kirby1997should,
  title={Should we use neural networks or statistical models for short-term motorway traffic forecasting?},
  author={Kirby, Howard R and Watson, Susan M and Dougherty, Mark S},
  journal={International Journal of Forecasting},
  volume={13},
  number={1},
  pages={43--50},
  year={1997},
  publisher={Elsevier},
  url = {docs/Should we use neural networks or statistical models for short-term motorway traffic forecasting.pdf}
}

@article{vlahogianni2005optimized,
  title={Optimized and meta-optimized neural networks for short-term traffic flow prediction: A genetic approach},
  author={Vlahogianni, Eleni I and Karlaftis, Matthew G and Golias, John C},
  journal={Transportation Research Part C: Emerging Technologies},
  volume={13},
  number={3},
  pages={211--234},
  year={2005},
  publisher={Elsevier},
  url = {docs/Optimized and meta-optimized neural networks for short-term traffic flow prediction - A genetic approach.pdf}
}

@article{stathopoulos2003multivariate,
  title={A multivariate state space approach for urban traffic flow modeling and prediction},
  author={Stathopoulos, Anthony and Karlaftis, Matthew G},
  journal={Transportation Research Part C: Emerging Technologies},
  volume={11},
  number={2},
  pages={121--135},
  year={2003},
  publisher={Elsevier},
  url = {docs/A multivariate state space approach for urban traffic flow modeling and prediction.pdf}
}

@article{lippi2013short,
  title={Short-term traffic flow forecasting: An experimental comparison of time-series analysis and supervised learning},
  author={Lippi, Marco and Bertini, Matteo and Frasconi, Paolo},
  journal={IEEE Transactions on Intelligent Transportation Systems},
  volume={14},
  number={2},
  pages={871--882},
  year={2013},
  publisher={IEEE},
  url={docs/Short-term traffic flow forecasting - An experimental comparison of time-series analysis and supervised learning.pdf}
}

@inproceedings{ghosh2005time,
  title={Time-series modelling for forecasting vehicular traffic flow in Dublin},
  author={Ghosh, Bidisha and Basu, Biswajit and Oâ€™Mahony, Margaret},
  booktitle={84th Annual Meeting of the Transportation Research Board, Washington, DC},
  year={2005},
  url={docs/Time-series modelling for forecasting vehicular traffic flow in Dublin.pdf}
}

@article{polson2017deep,
  title={Deep learning for short-term traffic flow prediction},
  author={Polson, Nicholas G and Sokolov, Vadim O},
  journal={Transportation Research Part C: Emerging Technologies},
  volume={79},
  pages={1--17},
  year={2017},
  publisher={Elsevier},
  url={docs/Deep learning for short-term traffic flow prediction.pdf}
}

@article{dixon2017deep,
  title={Deep Learning for Spatio-Temporal Modeling: Dynamic Traffic Flows and High Frequency Trading},
  author={Dixon, Matthew F and Polson, Nicholas G and Sokolov, Vadim O},
  journal={arXiv preprint arXiv:1705.09851},
  year={2017},
  url={docs/Deep Learning for Spatio-Temporal Modeling: Dynamic Traffic Flows and High Frequency Trading.pdf}
}

@article{tan2009aggregation,
  title={An aggregation approach to short-term traffic flow prediction},
  author={Tan, Man-Chun and Wong, Sze Chun and Xu, Jian-Min and Guan, Zhan-Rong and Zhang, Peng},
  journal={IEEE Transactions on Intelligent Transportation Systems},
  volume={10},
  number={1},
  pages={60--69},
  year={2009},
  publisher={IEEE},
  url={docs/An aggregation approach to short-term traffic flow prediction.pdf}
}


@article{chen2012retrieval,
  title={The retrieval of intra-day trend and its influence on traffic prediction},
  author={Chen, Chenyi and Wang, Yin and Li, Li and Hu, Jianming and Zhang, Zuo},
  journal={Transportation research part C: emerging technologies},
  volume={22},
  pages={103--118},
  year={2012},
  publisher={Elsevier},
  url={https://www.researchgate.net/publication/235899204_The_Retrieval_of_Intra-Day_Trend_and_Its_Influence_on_Traffic_Prediction}
}


@book{russell2016artificial,
  title={Artificial intelligence: a modern approach},
  author={Russell, Stuart J and Norvig, Peter},
  year={2016},
  publisher={Malaysia; Pearson Education Limited,},
  url={https://www.researchgate.net/publication/30874496_Artificial_Intelligence_A_Modern_Approach}
}

@article{davis1991nonparametric,
  title={Nonparametric regression and short-term freeway traffic forecasting},
  author={Davis, Gary A and Nihan, Nancy L},
  journal={Journal of Transportation Engineering},
  volume={117},
  number={2},
  pages={178--188},
  year={1991},
  publisher={American Society of Civil Engineers},
  url={https://www.researchgate.net/publication/240141415_Nonparametric_Regression_and_Short-Term_Freeway_Traffic_Forecasting}
}

@inproceedings{chung2001short,
  title={Short term traffic flow prediction},
  author={Chung, E and Rosalion, N},
  booktitle={AUSTRALASIAN TRANSPORT RESEARCH FORUM (ATRF), 24TH, 2001, HOBART, TASMANIA, AUSTRALIA},
  year={2001},
  url={https://trid.trb.org/view/712262}
}

@misc{ wiki:xxx,
       author = "Wikipedia",
       title = "Sistemas inteligentes de transporte --- Wikipedia{,} La enciclopedia libre",
       year = "2018",
       url = "https://es.wikipedia.org/w/index.php?title=Sistemas_inteligentes_de_transporte&oldid=107808100",
       note = "[Internet; descargado 10-noviembre-2018]",
       Howpublished = {\url{https://es.wikipedia.org/w/index.php?title=Sistemas_inteligentes_de_transporte&oldid=107808100}}
}

@article{chen2017traffic,
  title={When traffic flow prediction meets wireless big data analytics},
  author={Chen, Yuanfang and Guizani, Mohsen and Zhang, Yan and Wang, Lei and Crespi, Noel and Lee, Gyu Myoung},
  journal={arXiv preprint arXiv:1709.08024},
  year={2017},
  url = {docs/When Traffic Flow Prediction Meets Wireless Big Data Analytics.pdf}
}

@article{tebaldi1998bayesian,
  title={Bayesian inference on network traffic using link count data},
  author={Tebaldi, Claudia and West, Mike},
  journal={Journal of the American Statistical Association},
  volume={93},
  number={442},
  pages={557--573},
  year={1998},
  publisher={Taylor \& Francis Group}
}

@article{anacleto2013multivariate,
  title={Multivariate forecasting of road traffic flows in the presence of heteroscedasticity and measurement errors},
  author={Anacleto, Osvaldo and Queen, Catriona and Albers, Casper J},
  journal={Journal of the Royal Statistical Society: Series C (Applied Statistics)},
  volume={62},
  number={2},
  pages={251--270},
  year={2013},
  publisher={Wiley Online Library}
}

@article{smith1997traffic,
  title={Traffic flow forecasting: comparison of modeling approaches},
  author={Smith, Brian L and Demetsky, Michael J},
  journal={Journal of transportation engineering},
  volume={123},
  number={4},
  pages={261--266},
  year={1997},
  publisher={American Society of Civil Engineers}
}

@article{van2008online,
  title={Online learning solutions for freeway travel time prediction},
  author={Van Lint, JWC},
  journal={IEEE Transactions on Intelligent Transportation Systems},
  volume={9},
  number={1},
  pages={38--47},
  year={2008},
  publisher={IEEE}
}

@article{oswald2000traffic,
  title={Traffic flow forecasting using approximate nearest neighbor nonparametric regression},
  author={Oswald, R Keith and Scherer, William T and Smith, Brian L},
  journal={Final project of ITS Center project: Traffic forecasting: non-parametric regressions},
  year={2000}
}

@article{vlahogianni2014short,
  title={Short-term traffic forecasting: Where we are and where weâ€™re going},
  author={Vlahogianni, Eleni I and Karlaftis, Matthew G and Golias, John C},
  journal={Transportation Research Part C: Emerging Technologies},
  volume={43},
  pages={3--19},
  year={2014},
  publisher={Elsevier},
  url={docs/Short-term traffic forecasting: Where we are and where we are.pdf}
}
@article{qiao2001intelligent,
  title={Intelligent simulation and prediction of traffic flow dispersion},
  author={Qiao, Fengxiang and Yang, Hai and Lam, William HK},
  journal={Transportation Research Part B: Methodological},
  volume={35},
  number={9},
  pages={843--863},
  year={2001},
  publisher={Elsevier}
}
@article{breiman2003statistical,
  title={Statistical modeling: The two cultures},
  author={Breiman, Leo},
  journal={Quality control and applied statistics},
  volume={48},
  number={1},
  pages={81--82},
  year={2003},
  publisher={Executive Sciences Institute}
}
@book{ripley2007pattern,
  title={Pattern recognition and neural networks},
  author={Ripley, Brian D},
  year={2007},
  publisher={Cambridge university press}
}

@misc{metrics2018madrid,
  title = {TrÃ¡fico. HistÃ³rico de datos del trÃ¡fico desde 2013},
  url = {https://datos.madrid.es/sites/v/index.jsp?vgnextoid=33cb30c367e78410VgnVCM1000000b205a0aRCRD&vgnextchannel=374512b9ace9f310VgnVCM100000171f5a0aRCRD},
  note = {Accessed: 2018-11-14},
  author = {DIRECCIÃ“N GENERAL DE GESTIÃ“N Y VIGILANCIA DE LA CIRCULACION},
  year = 2018,
  Howpublished = {\url{https://datos.madrid.es/sites/v/index.jsp?vgnextoid=33cb30c367e78410VgnVCM1000000b205a0aRCRD&vgnextchannel=374512b9ace9f310VgnVCM100000171f5a0aRCRD}}
}

@misc{locations2018madrid,
  title = {TrÃ¡fico. UbicaciÃ³n de los puntos de medida del trÃ¡fico},
  url = {https://datos.madrid.es/portal/site/egob/menuitem.c05c1f754a33a9fbe4b2e4b284f1a5a0/?vgnextoid=ee941ce6ba6d3410VgnVCM1000000b205a0aRCRD&vgnextchannel=374512b9ace9f310VgnVCM100000171f5a0aRCRD},
  note = {Accessed: 2018-11-14},
  author = {DIRECCIÃ“N GENERAL DE GESTIÃ“N Y VIGILANCIA DE LA CIRCULACION},
  year = 2018,
  Howpublished = {\url{https://datos.madrid.es/portal/site/egob/menuitem.c05c1f754a33a9fbe4b2e4b284f1a5a0/?vgnextoid=ee941ce6ba6d3410VgnVCM1000000b205a0aRCRD&vgnextchannel=374512b9ace9f310VgnVCM100000171f5a0aRCRD}}
}

@article{imputeTS2018,
    title = {{imputeTS: Time Series Missing Value Imputation in R}},
    author = {Steffen Moritz and Thomas Bartz-Beielstein},
    journal = {{The R Journal}},
    volume = {9},
    number = {1},
    pages = {207--218},
    year = {2017},
    url = {https://journal.r-project.org/archive/2017/RJ-2017-009/index.html},
  }

@misc{brownlee2018deeplearningtimeseries,
  title = {How to Get Started with Deep Learning for Time Series Forecasting (7-Day Mini-Course)},
  url = {https://machinelearningmastery.com/how-to-get-started-with-deep-learning-for-time-series-forecasting-7-day-mini-course},
  note = {Accessed: 2018-12-26},
  author = {Jason Brownlee, PhD},
  year = 2018
}

@misc{honchar2018timeseriesanalysis,
  title = {Deep learning: the final frontier for signal processing and time series analysis?},
  url = {https://medium.com/@alexrachnog/deep-learning-the-final-frontier-for-signal-processing-and-time-series-analysis-734307167ad6},
  note = {Accessed: 2018-12-26},
  author = {Alexandr Honchar},
  year = 2018
}

@article{cleveland1990stl,
  title={STL: A Seasonal-Trend Decomposition},
  author={Cleveland, Robert B and Cleveland, William S and McRae, Jean E and Terpenning, Irma},
  journal={Journal of Official Statistics},
  volume={6},
  number={1},
  pages={3--73},
  year={1990}
}

@book{werbos1975beyond,
  title={Beyond Regression: New Tools for Prediction and Analysis in the Behavioral Sciences},
  author={Werbos, P.J.},
  url={https://books.google.es/books?id=z81XmgEACAAJ},
  year={1975},
  publisher={Harvard University}
}

@article{hochreiter1997long,
  title={Long short-term memory},
  author={Hochreiter, Sepp and Schmidhuber, J{\"u}rgen},
  journal={Neural computation},
  volume={9},
  number={8},
  pages={1735--1780},
  year={1997},
  publisher={MIT Press}
}



@misc{olah2015lstm,
  title = {Understanding LSTM Networks},
  url = {http://colah.github.io/posts/2015-08-Understanding-LSTMs},
  note = {Accessed: 09/04/2019},
  author = {Christopher Olah},
  year = 2015,
  Howpublished = {\url{http://colah.github.io/posts/2015-08-Understanding-LSTMs}}
}


@misc{Forecast6-online,
  author = {Rob J Hyndman, George Athanasopoulos},
  title = {Forecasting: PrinciplesÂ andÂ Practice},
  url = {https://otexts.com/fpp2/},
  month = {8},
  year = {2018},
  note = {Accessed: 04/16/2019},
  Howpublished = {\url{https://otexts.com/fpp2/}}
}

@misc{amanas-github,
  author = {AndrÃ©s MaÃ±as MaÃ±as},
  title = {Github Home amanas},
  url = {https://github.com/amanas},
  month = {4},
  year = {2019},
  note = {Accessed: 04/16/2019},
  Howpublished = {\url{https://github.com/amanas}}
}

@misc{41Season30-online,
  author = {},
  title = {4.1 Seasonal ARIMA models | STAT 510},
  url = {https://newonlinecourses.science.psu.edu/stat510/node/67/},
  month = {4},
  year = {2019},
  note = {Accessed on 04/22/2019}
}

@book{armstrong1985long,
  title={Long-range forecasting},
  author={Armstrong, Jon Scott},
  year={1985},
  publisher={Wiley New York ETC.}
}

@article{hyndman2006another,
  title={Another look at measures of forecast accuracy},
  author={Hyndman, Rob J and Koehler, Anne B},
  journal={International journal of forecasting},
  volume={22},
  number={4},
  pages={679--688},
  year={2006},
  publisher={Elsevier}
}

@Manual{R-base,
  title = {R: A Language and Environment for Statistical Computing},
  author = {{R Core Team}},
  organization = {R Foundation for Statistical Computing},
  address = {Vienna, Austria},
  year = {2018},
  url = {https://www.R-project.org/},
}
@Manual{R-bookdown,
  title = {bookdown: Authoring Books and Technical Documents with R Markdown},
  author = {Yihui Xie},
  year = {2018},
  note = {R package version 0.7},
  url = {https://CRAN.R-project.org/package=bookdown},
}
@Manual{R-knitr,
  title = {knitr: A General-Purpose Package for Dynamic Report Generation in R},
  author = {Yihui Xie},
  year = {2018},
  note = {R package version 1.20},
  url = {https://CRAN.R-project.org/package=knitr},
}
@Manual{R-rmarkdown,
  title = {rmarkdown: Dynamic Documents for R},
  author = {JJ Allaire and Yihui Xie and Jonathan McPherson and Javier Luraschi and Kevin Ushey and Aron Atkins and Hadley Wickham and Joe Cheng and Winston Chang},
  year = {2018},
  note = {R package version 1.10},
  url = {https://CRAN.R-project.org/package=rmarkdown},
}

@Manual{R-forecast,
    title = {{forecast}: Forecasting functions for time series and linear models},
    author = {Rob Hyndman and George Athanasopoulos and Christoph Bergmeir and Gabriel Caceres and Leanne Chhay and Mitchell O'Hara-Wild and Fotios Petropoulos and Slava Razbash and Earo Wang and Farah Yasmeen},
    year = {2018},
    note = {R package version 8.4},
    url = {http://pkg.robjhyndman.com/forecast},
}


@misc{arima-sarima-lstm-online,
  author = {Sharmistha Chatterjee},
  title = {ARIMA/SARIMA vs LSTM with Ensemble learning Insights for Time Series Data},
  url = {https://towardsdatascience.com/arima-sarima-vs-lstm-with-ensemble-learning-insights-for-time-series-data-509a5d87f20a},
  month = {5},
  year = {2019},
  note = {Accessed on 06/05/2019}
}
